<?xml version = "1.0" encoding = "UTF-8"?><OAI-PMH xmlns="http://www.openarchives.org/OAI/2.0/" xmlns:xsi="http://www.w3.org/2001/XMLSchema-instance" xsi:schemaLocation="http://www.openarchives.org/OAI/2.0/ http://www.openarchives.org/OAI/2.0/OAI-PMH.xsd"><ListRecords><record><header><identifier>aleph-publish:021018911</identifier></header><metadata><record xmlns="http://www.ddb.de/professionell/mabxml/mabxml-1.xsd"><leader>00000nM2.01200024||||||h</leader><controlfield tag="LDR">00000nM2.01200024||||||h</controlfield><controlfield tag="FMT">MH</controlfield><datafield tag="001" ind1="-" ind2="1"><subfield code="a">HT018848722</subfield></datafield><datafield tag="002" ind1="b" ind2="1"><subfield code="a">20160105</subfield></datafield><datafield tag="020" ind1="a" ind2="1"><subfield code="a">008547921</subfield><subfield code="b">NEBIS</subfield></datafield><datafield tag="025" ind1="o" ind2="1"><subfield code="a">729120668</subfield></datafield><datafield tag="026" ind1="-" ind2="1"><subfield code="a">HBZHT018848722</subfield></datafield><controlfield tag="030">a|zur||||||17</controlfield><datafield tag="036" ind1="a" ind2="1"><subfield code="a">IN</subfield></datafield><datafield tag="037" ind1="b" ind2="1"><subfield code="a">eng</subfield></datafield><controlfield tag="050">a|a|||||||||||</controlfield><controlfield tag="051">m|||||||</controlfield><datafield tag="060" ind1="-" ind2="1"><subfield code="b">txt</subfield><subfield code="a">Text</subfield></datafield><datafield tag="061" ind1="-" ind2="1"><subfield code="b">n</subfield><subfield code="a">ohne Hilfsmittel zu benutzen</subfield></datafield><datafield tag="062" ind1="-" ind2="1"><subfield code="b">nc</subfield><subfield code="a">Band</subfield></datafield><datafield tag="070" ind1="-" ind2="1"><subfield code="a">5/141</subfield></datafield><datafield tag="070" ind1="a" ind2="1"><subfield code="a">NEBIS</subfield></datafield><datafield tag="078" ind1="b" ind2="1"><subfield code="a">Mindestkatalogisat</subfield></datafield><datafield tag="080" ind1="-" ind2="1"><subfield code="a">50</subfield></datafield><datafield tag="100" ind1="-" ind2="1"><subfield code="a">Frank, Dietmar</subfield></datafield><datafield tag="303" ind1="-" ind2="1"><subfield code="p">Frank, Dietmar</subfield><subfield code="t">Traumland Nepal &lt;eng&gt;</subfield></datafield><datafield tag="331" ind1="-" ind2="1"><subfield code="a">Dreamland Nepal</subfield></datafield><datafield tag="359" ind1="-" ind2="1"><subfield code="a">Dietmar Frank</subfield></datafield><datafield tag="403" ind1="-" ind2="1"><subfield code="a">First englisch edition</subfield></datafield><datafield tag="419" ind1="-" ind2="1"><subfield code="a">New Delhi</subfield><subfield code="b">S. Chand &amp; company limited</subfield><subfield code="c">[1978]</subfield></datafield><datafield tag="425" ind1="a" ind2="1"><subfield code="a">1978</subfield></datafield><datafield tag="433" ind1="-" ind2="1"><subfield code="a">191 Seiten</subfield></datafield><datafield tag="434" ind1="-" ind2="1"><subfield code="a">Illustrationen, Karten</subfield></datafield><datafield tag="501" ind1="-" ind2="1"><subfield code="a">Uebersetzung aus dem Deutschen</subfield></datafield><datafield tag="700" ind1="b" ind2="1"><subfield code="a">954.960222</subfield><subfield code="c">22</subfield></datafield><datafield tag="710" ind1="-" ind2="1"><subfield code="a">*AK01 / UESVK</subfield></datafield><datafield tag="710" ind1="-" ind2="1"><subfield code="a">031 / UESVK</subfield></datafield><datafield tag="710" ind1="-" ind2="1"><subfield code="a">137 / UESVK</subfield></datafield><datafield tag="710" ind1="-" ind2="1"><subfield code="a">170 / UESVK</subfield></datafield><datafield tag="710" ind1="-" ind2="1"><subfield code="a">776 / UESVK</subfield></datafield><controlfield tag="SYS">021018911</controlfield><datafield tag="LOW" ind1="-" ind2="1"><subfield code="a">Q1026</subfield></datafield><datafield tag="088" ind1=" " ind2=" "><subfield code="a">5/141</subfield><subfield code="b">00091002</subfield><subfield code="c">954.960222 F828 T777 1974</subfield><subfield code="e">keine ILL</subfield></datafield></record></metadata></record></ListRecords></OAI-PMH>